@article{Gustafsson_1992,
	author = {Gustafsson, Siv and Stafford, Frank},
	journal = {The Journal of Human Resources},
	doi = {10.2307/145917},
	issn = {0022-166X},
	number = {1},
	year = {1992},
	pages = {204},
	publisher = {JSTOR},
	title = {Child {Care} {Subsidies} and {Labor} {Supply} in {Sweden}},
	url = {http://dx.doi.org/10.2307/145917},
	volume = {27},
}

